@inproceedings{lorensen_marching_1987,
	title = {Marching {Cubes}: {A} {High} {Resolution} 3D {Surface} {Construction} {Algorithm}},
	booktitle = {{ACM} {SIGGRAPH} '87},
	author = {Lorensen, W. E. and Cline, H. E.},
	year = {1987}
}